<record><leader>00000cas a22000007a 4500</leader><controlfield tag="001">26498339</controlfield><controlfield tag="008">920828d190u191uctuwr ne      0    0ita d</controlfield><datafield ind1=" " ind2=" " tag="010"><subfield code="a">sn 92051387 </subfield></datafield><datafield ind1=" " ind2=" " tag="040"><subfield code="a">CNW</subfield><subfield code="b">eng</subfield><subfield code="c">CNW</subfield><subfield code="d">OCLCQ</subfield><subfield code="d">OCLCF</subfield><subfield code="d">OCLCO</subfield></datafield><datafield ind1="1" ind2=" " tag="029"><subfield code="a">AU@</subfield><subfield code="b">000009914975</subfield></datafield><datafield ind1=" " ind2=" " tag="042"><subfield code="a">msc</subfield></datafield><datafield ind1=" " ind2=" " tag="043"><subfield code="a">n-us-ct</subfield><subfield code="a">n-us-ny</subfield></datafield><datafield ind1="0" ind2=" " tag="130"><subfield code="a">Sole (Bridgeport, Conn.)</subfield></datafield><datafield ind1="1" ind2="3" tag="245"><subfield code="a">Il sole.</subfield></datafield><datafield ind1="3" ind2="0" tag="246"><subfield code="a">Sole di Auburn, N.Y.</subfield></datafield><datafield ind1=" " ind2=" " tag="260"><subfield code="a">Bridgeport, Conn. :</subfield><subfield code="b">Il Sole Pub. Co.</subfield></datafield><datafield ind1=" " ind2=" " tag="300"><subfield code="a">v.</subfield></datafield><datafield ind1=" " ind2=" " tag="310"><subfield code="a">Weekly</subfield></datafield><datafield ind1=" " ind2=" " tag="500"><subfield code="a">Includes section titled: Il Sole di Auburn, N.Y., &lt;genn. 5, 1907&gt;.</subfield></datafield><datafield ind1=" " ind2=" " tag="530"><subfield code="a">Also issued on microfilm from Connecticut State Library, Hartford, CT.</subfield></datafield><datafield ind1=" " ind2=" " tag="546"><subfield code="a">In Italian.</subfield></datafield><datafield ind1=" " ind2=" " tag="580"><subfield code="a">"Consolidato con - Le Forbici - di Waterbury e - L'Amico del popolo - di Bridgeport."</subfield></datafield><datafield ind1=" " ind2=" " tag="588"><subfield code="a">Description based on: Anno 6, no. 1 (genn. 5, 1907).</subfield></datafield><datafield ind1=" " ind2="0" tag="650"><subfield code="a">Italian Americans</subfield><subfield code="z">Connecticut</subfield><subfield code="v">Newspapers.</subfield></datafield><datafield ind1=" " ind2="0" tag="650"><subfield code="a">Italian Americans</subfield><subfield code="z">New York (State)</subfield><subfield code="v">Newspapers.</subfield></datafield><datafield ind1=" " ind2="0" tag="651"><subfield code="a">Bridgeport (Conn.)</subfield><subfield code="v">Newspapers.</subfield></datafield><datafield ind1=" " ind2="0" tag="651"><subfield code="a">Auburn (N.Y.)</subfield><subfield code="v">Newspapers.</subfield></datafield><datafield ind1=" " ind2="7" tag="655"><subfield code="a">Newspapers.</subfield><subfield code="2">fast</subfield><subfield code="0">(OCoLC)fst01423814</subfield></datafield><datafield ind1=" " ind2="7" tag="650"><subfield code="a">Italian Americans.</subfield><subfield code="2">fast</subfield><subfield code="0">(OCoLC)fst00980419</subfield></datafield><datafield ind1=" " ind2="7" tag="651"><subfield code="a">Connecticut.</subfield><subfield code="2">fast</subfield><subfield code="0">(OCoLC)fst01205688</subfield></datafield><datafield ind1=" " ind2="7" tag="651"><subfield code="a">Connecticut</subfield><subfield code="z">Bridgeport.</subfield><subfield code="2">fast</subfield><subfield code="0">(OCoLC)fst01209541</subfield></datafield><datafield ind1=" " ind2="7" tag="651"><subfield code="a">New York (State)</subfield><subfield code="2">fast</subfield><subfield code="0">(OCoLC)fst01210280</subfield></datafield><datafield ind1=" " ind2="7" tag="651"><subfield code="a">New York (State)</subfield><subfield code="z">Auburn.</subfield><subfield code="2">fast</subfield><subfield code="0">(OCoLC)fst01210382</subfield></datafield><datafield ind1=" " ind2=" " tag="752"><subfield code="a">United States</subfield><subfield code="b">Connecticut</subfield><subfield code="c">Fairfield</subfield><subfield code="d">Bridgeport.</subfield></datafield><datafield ind1="1" ind2="5" tag="780"><subfield code="t">Forbici</subfield></datafield><datafield ind1="1" ind2="5" tag="780"><subfield code="t">Amico del popolo</subfield></datafield></record>